
@online{ai_def,
	author = {McCarthy, John},
	title = {What is Artificial Intelligence},
	date = {2017-12-11},
	urldate = {2018-12-10},
	url = {http://www-formal.stanford.edu/jmc/whatisai/node1.html}
}
@article{transfer_def,
	author = {West, Jeremy and Ventura, Dan and Warnick, Sean},
	year = {2007},
	urldate = {2018-12-28},
	title = {Spring Research Presentation: A Theoretical Foundation for Inductive Transfer}
}

@online{transfer_pic,
	author = {{integrate.ai}},
	title = {Transfer Learning Explained},
	date = {2018-08-30},
	urldate = {2019-07-16},
	url = {https://medium.com/the-official-integrate-ai-blog/transfer-learning-explained-7d275c1e34e2}
}

@online{transfer_how,
	author = {Niklas, Donges},
	title = {Transfer Learning},
	date = {2018-04-23},
	urldate = {2018-12-11},
	url = {https://towardsdatascience.com/transfer-learning-946518f95666}
}
@online{android_def,
	author = {{Android Dev}},
	title = {Pengantar Android},
	date = {2018-12},
	url = {https://developer.android.com/guide/?hl=id},
	urldate = {2018-12-28}
}

@online{webserver_def,
	author = {{WebDevelopersNotes}},
	title = {What is web server – a computer OR a program?},
	date = {},
	urldate = {2018-12-11},
	url = {webdevelopersnotes.com/what-is-web-server }
}
@online{server_def,
	author = {Amalia, Dina},
	title = {Apa yang Dimaksud dengan Server?},
	date = {},
	urldate = {2019-07-08},
	url = {https://idwebhost.com/blog/apa-yang-dimaksud-dengan-server/}
}

@online{java_def,
	author = {{Oracle}},
	title = {What is Java Technology and Why do I Need It?},
	url = {https://www.java.com/en/download/faq/whatis_java.xml}
}
@online{python_def,
	title = {What is Python?},
	url = {https://whatis.techtarget.com/definition/Python},
	urldate = {2019-06-15},
	date = {2015}
}

@book{tensorflow_def,
	author = {Nikhil, Buduma},
	publisher = {O'Reilly Media, Inc.},
	year = {2016},
	title = {TensorFlow for deep learning—implementing neural networks}
}

@online{keras_def,
	title = {Keras: The Python Deep Learning library},
	urldate = {2019-07-15},
	url = {https://keras.io/}
}

@online{imagenet_def,
		author = {Rosebrock, Adrian},
		title = {ImageNet: VGGNet, ResNet, Inception, and Xception with Keras},
		urldate = {2019-07-15},
		url = {https://www.pyimagesearch.com/2017/03/20/imagenet-vggnet-resnet-inception-xception-keras/}
}

@online{konvolusi,
		author = {Richard, Dharmadi},
		title = {Mengenal Convolutional Layer Dan Pooling Layer},
		urldate = {2019-07-15},
		date = {2018-04-04},
		url = {Mengenal Convolutional Layer Dan Pooling Layer}
	}
@online{vgg16_def,
	author = {Chollet, Francois},
	title = {How convolutional neural networks see the world},
	subtitle = {An exploration of convnet filters with Keras},
	urldate = {2019-06-14},
	date = {2016-01-30},
	url = {https://blog.keras.io/how-convolutional-neural-networks-see-the-world.html}
}
@online{max_pool,
	author = {Shofia, Nadhifa},
	title= {CONVOLUTIONAL NEURAL NETWORK},
	date = {2018-07-06},
	url = {https://medium.com/@nadhifasofia/1-convolutional-neural-network-convolutional-neural-network-merupakan-salah-satu-metode-machine-28189e17335b}
}

@article{resnet,
		author = {He, Kaiming and Xiangyu, Zhang and Ren, Shaoqing and Sun, Jian},
		title = {Deep Residual Learning for Image Recognition},
		date = {2015-10-12},
}

@article{inception,
		author = {Szegedy, Christian and Liu, Wei and Sermanett, Pierre},
		title = {Going Deeper with Convolutions},
		date = {2014-10-17}
}

@article{xception,
		 author = {Chollet, Francais},
		 title = {Xception: Deep Learning with Depthwise Separable Convolutions},
		 date = {2016-10-07}
}
@online{vgg19_def,
	author = {{MathWorks}},
	title = {vgg19},
	urldate = {2019-07-15},
	url = {https://www.mathworks.com/help/deeplearning/ref/vgg19.html;jsessionid=75dc510f585495c32c7c7e91af53}
}

@online{figure_vgg,
	author = {Davi Frossard},
	title = {Model and pre-trained parameters for VGG16 in TensorFlow},
	urldate = {2019-07-14},url
	date = {2016-07-17},
	url = {https://www.cs.toronto.edu/~frossard/post/vgg16/}
}

@online{mobilenet_def,
	author = {Uchida, Yusuke},
	title = {Why MobileNet and Its Variants (e.g. ShuffleNet) Are Fast},
	date = {2018-04-23},
	urldate = {2019-07-13},
	url = {https://medium.com/@yu4u/why-mobilenet-and-its-variants-e-g-shufflenet-are-fast-1c7048b9618d}
}

@journal{resnet_def,
	author = {Kaiming, He and Xiangyu, Zhang and Shaoqing, Ren and Jian, Sun},
	title = {Deep Residual Learning for Image Recognition},
	year = {2015}
}

@online{logistic_def,
	author = {Swaminathan, Saishruthi},
	title = {Logistic Regression - Detailed Overview},
	date = {2018-03-15},
	url = {https://towardsdatascience.com/logistic-regression-detailed-overview-46c4da4303bc}
}

@online{precisionrecall,
	author = {Saxena, Shruti},
	title = {Precision vs Recall},
	date = {2018-05-12},
	urldate = {2019-07-15},
	url = {https://towardsdatascience.com/precision-vs-recall-386cf9f89488}
}

@online{f1score_def,
	author = {Koo, Ping Shung},
	title = {Accuracy, Precision, Recall or F1?},
	date = {2018-03-15},
	urldate = {2019-07-15},
	url = {https://towardsdatascience.com/accuracy-precision-recall-or-f1-331fb37c5cb9}
}

@online{spring_def,
	author = {Budi Georachman},
	title = {JAVA LEBIH MUDAH DENGAN SPRING FRAMEWORK},
	date = {2018-12-06},
	url = {https://socs.binus.ac.id/2018/12/06/java-lebih-mudah-dengan-spring-framework/}
}